<record><leader>00000cas a2200000 a 4500</leader><controlfield tag="001">5773539</controlfield><controlfield tag="008">791207d197u1985nyuwn ne      0   b0spa d</controlfield><datafield ind1=" " ind2=" " tag="010"><subfield code="a">sn 95063008 </subfield></datafield><datafield ind1=" " ind2=" " tag="040"><subfield code="a">IXA</subfield><subfield code="b">eng</subfield><subfield code="c">IXA</subfield><subfield code="d">CNW</subfield><subfield code="d">OCL</subfield><subfield code="d">OCLCQ</subfield><subfield code="d">OCLCF</subfield><subfield code="d">OCLCO</subfield></datafield><datafield ind1="1" ind2=" " tag="029"><subfield code="a">AU@</subfield><subfield code="b">000011501830</subfield></datafield><datafield ind1=" " ind2=" " tag="037"><subfield code="b">239 W. 23 St., New York, N.Y. 10011</subfield></datafield><datafield ind1=" " ind2=" " tag="042"><subfield code="a">msc</subfield></datafield><datafield ind1=" " ind2=" " tag="090"><subfield code="a">E184.M5</subfield><subfield code="b">V685</subfield></datafield><datafield ind1="0" ind2=" " tag="130"><subfield code="a">Voz del pueblo (New York, N.Y.)</subfield></datafield><datafield ind1="1" ind2="0" tag="245"><subfield code="a">Voz del pueblo.</subfield></datafield><datafield ind1=" " ind2=" " tag="260"><subfield code="a">Nueva York :</subfield><subfield code="b">Long View Pub. Co.</subfield></datafield><datafield ind1=" " ind2=" " tag="300"><subfield code="a">v. :</subfield><subfield code="b">ill. ;</subfield><subfield code="c">40 cm.</subfield></datafield><datafield ind1=" " ind2=" " tag="310"><subfield code="a">Weekly (except last week of year)</subfield></datafield><datafield ind1="1" ind2=" " tag="362"><subfield code="a">Ceased in Jan. 1985.</subfield></datafield><datafield ind1=" " ind2=" " tag="500"><subfield code="a">"Semanario al servicio de los trabajadores."</subfield></datafield><datafield ind1=" " ind2=" " tag="530"><subfield code="a">Available on microfilm from State Historical Society of Wisconsin.</subfield></datafield><datafield ind1=" " ind2=" " tag="546"><subfield code="a">In Spanish.</subfield></datafield><datafield ind1=" " ind2=" " tag="588"><subfield code="a">Description based on: Vol. 6, no. 19 (enero 28, 1984).</subfield></datafield><datafield ind1=" " ind2="0" tag="650"><subfield code="a">Mexican Americans</subfield><subfield code="v">Newspapers.</subfield></datafield><datafield ind1=" " ind2="0" tag="650"><subfield code="a">Hispanic Americans</subfield><subfield code="v">Newspapers.</subfield></datafield><datafield ind1=" " ind2="7" tag="655"><subfield code="a">Newspapers.</subfield><subfield code="2">fast</subfield><subfield code="0">(OCoLC)fst01423814</subfield></datafield><datafield ind1=" " ind2="7" tag="650"><subfield code="a">Hispanic Americans.</subfield><subfield code="2">fast</subfield><subfield code="0">(OCoLC)fst00957523</subfield></datafield><datafield ind1=" " ind2="7" tag="650"><subfield code="a">Mexican Americans.</subfield><subfield code="2">fast</subfield><subfield code="0">(OCoLC)fst01019072</subfield></datafield><datafield ind1=" " ind2=" " tag="752"><subfield code="a">United States</subfield><subfield code="b">New York</subfield><subfield code="c">New York</subfield><subfield code="d">New York.</subfield></datafield><datafield ind1="1" ind2=" " tag="776"><subfield code="t">Voz del pueblo (New York, N.Y.)</subfield><subfield code="w">(OCoLC)12954518</subfield></datafield><datafield ind1=" " ind2=" " tag="936"><subfield code="a">1 de sept., 1979</subfield></datafield></record>